<?xml version="1.0" encoding="UTF-8"?><collection xmlns="http://www.loc.gov/MARC21/slim"><record><leader>00361nam--2200133-i-4500</leader><controlfield tag="001">000010898</controlfield><controlfield tag="002">20161230</controlfield><controlfield tag="005">20161230201029</controlfield><controlfield tag="008">060222s1000------------r-----000-0-eng-d</controlfield><datafield ind1=" " ind2=" " tag="080"><subfield code="a">666.3:546.621.31</subfield></datafield><datafield ind1=" " ind2=" " tag="245"><subfield code="a">Alumina as a ceramic material</subfield></datafield><datafield ind1=" " ind2=" " tag="260"><subfield code="a">Columbus, Ohio, The American Ceramic Society 1970, Ix + 253 P</subfield></datafield><datafield ind1=" " ind2=" " tag="700"><subfield code="a">Walter H. Gitzen</subfield></datafield><datafield ind1=" " ind2=" " tag="852"><subfield code="a">39935</subfield></datafield></record></collection>